{
  "leader": "04524cas a2200781 a 4500",
  "fields": [
    {
      "001": "ocm01752092\\"
    },
    {
      "003": "OCoLC"
    },
    {
      "005": "20220712084954.0"
    },
    {
      "008": "751101c19189999ncuqr\\p\\\\\\b\\\\\\0\\\\\\a0eng\\\\"
    },
    {
      "010": {
        "ind1": "\\",
        "ind2": "\\",
        "subfields": [
          {
            "a": "   19014875 "
          }
        ]
      }
    },
    {
      "040": {
        "ind1": "\\",
        "ind2": "\\",
        "subfields": [
          {
            "a": "DLC"
          },
          {
            "b": "eng"
          },
          {
            "c": "MUL"
          },
          {
            "d": "YUS"
          },
          {
            "d": "NSD"
          },
          {
            "d": "DLC"
          },
          {
            "d": "NSD"
          },
          {
            "d": "DLC"
          },
          {
            "d": "NST"
          },
          {
            "d": "DLC"
          },
          {
            "d": "OCL"
          },
          {
            "d": "AIP"
          },
          {
            "d": "NST"
          },
          {
            "d": "AIP"
          },
          {
            "d": "NSD"
          },
          {
            "d": "NST"
          },
          {
            "d": "DLC"
          },
          {
            "d": "HUL"
          },
          {
            "d": "NST"
          },
          {
            "d": "OCL"
          },
          {
            "d": "NST"
          },
          {
            "d": "MYG"
          },
          {
            "d": "IUL"
          },
          {
            "d": "HUL"
          },
          {
            "d": "IUL"
          },
          {
            "d": "NSD"
          },
          {
            "d": "CUS"
          },
          {
            "d": "OCL"
          },
          {
            "d": "EYM"
          },
          {
            "d": "GUA"
          },
          {
            "d": "CUS"
          },
          {
            "d": "MUQ"
          },
          {
            "d": "NLM"
          },
          {
            "d": "OCLCQ"
          },
          {
            "d": "DIBAM"
          },
          {
            "d": "OCLCQ"
          },
          {
            "d": "NLGGC"
          },
          {
            "d": "MYG"
          },
          {
            "d": "UX1"
          },
          {
            "d": "OCLCG"
          },
          {
            "d": "ZP2"
          },
          {
            "d": "OCLCQ"
          },
          {
            "d": "UKMGB"
          },
          {
            "d": "OCLCQ"
          },
          {
            "d": "VT2"
          },
          {
            "d": "P4I"
          },
          {
            "d": "OCLCO"
          },
          {
            "d": "I8M"
          },
          {
            "d": "NLC"
          },
          {
            "d": "OCLCQ"
          },
          {
            "d": "OCLCF"
          },
          {
            "d": "PAU"
          },
          {
            "d": "OCLCQ"
          },
          {
            "d": "DCHUA"
          },
          {
            "d": "AGL"
          },
          {
            "d": "CGU"
          },
          {
            "d": "J9U"
          },
          {
            "d": "OCLCO"
          }
        ]
      }
    },
    {
      "012": {
        "ind1": "\\",
        "ind2": "\\",
        "subfields": [
          {
            "a": "3"
          },
          {
            "b": "3"
          },
          {
            "e": "-"
          },
          {
            "j": "1"
          },
          {
            "k": "1"
          },
          {
            "l": "1"
          },
          {
            "m": "1"
          }
        ]
      }
    },
    {
      "016": {
        "ind1": "\\",
        "ind2": "\\",
        "subfields": [
          {
            "a": "(AMICUS)000000486971"
          }
        ]
      }
    },
    {
      "016": {
        "ind1": "7",
        "ind2": "\\",
        "subfields": [
          {
            "a": "100967772"
          },
          {
            "2": "DNLM"
          }
        ]
      }
    },
    {
      "016": {
        "ind1": "7",
        "ind2": "\\",
        "subfields": [
          {
            "a": "009203299"
          },
          {
            "2": "Uk"
          }
        ]
      }
    },
    {
      "019": {
        "ind1": "\\",
        "ind2": "\\",
        "subfields": [
          {
            "a": "8838623"
          },
          {
            "a": "14065554"
          },
          {
            "a": "224243236"
          },
          {
            "a": "1032836141"
          },
          {
            "a": "1049719698"
          },
          {
            "a": "1063426423"
          },
          {
            "a": "1081437136"
          },
          {
            "a": "1200985469"
          },
          {
            "a": "1201567478"
          },
          {
            "a": "1201616893"
          },
          {
            "a": "1201633339"
          },
          {
            "a": "1201810797"
          },
          {
            "a": "1201838055"
          },
          {
            "a": "1201912453"
          },
          {
            "a": "1264826993"
          }
        ]
      }
    },
    {
      "022": {
        "ind1": "0",
        "ind2": "\\",
        "subfields": [
          {
            "a": "0018-2168"
          },
          {
            "l": "0018-2168"
          },
          {
            "2": "1"
          }
        ]
      }
    },
    {
      "032": {
        "ind1": "\\",
        "ind2": "\\",
        "subfields": [
          {
            "a": "246380"
          },
          {
            "b": "USPS"
          }
        ]
      }
    },
    {
      "035": {
        "ind1": "\\",
        "ind2": "\\",
        "subfields": [
          {
            "a": "(OCoLC)1752092"
          },
          {
            "z": "(OCoLC)8838623"
          },
          {
            "z": "(OCoLC)14065554"
          },
          {
            "z": "(OCoLC)224243236"
          },
          {
            "z": "(OCoLC)1032836141"
          },
          {
            "z": "(OCoLC)1049719698"
          },
          {
            "z": "(OCoLC)1063426423"
          },
          {
            "z": "(OCoLC)1081437136"
          },
          {
            "z": "(OCoLC)1200985469"
          },
          {
            "z": "(OCoLC)1201567478"
          },
          {
            "z": "(OCoLC)1201616893"
          },
          {
            "z": "(OCoLC)1201633339"
          },
          {
            "z": "(OCoLC)1201810797"
          },
          {
            "z": "(OCoLC)1201838055"
          },
          {
            "z": "(OCoLC)1201912453"
          },
          {
            "z": "(OCoLC)1264826993"
          }
        ]
      }
    },
    {
      "037": {
        "ind1": "\\",
        "ind2": "\\",
        "subfields": [
          {
            "b": "Duke University Press, P.O. Box 6697, College Station, Durham, NC 27708"
          },
          {
            "c": "{dollar}18.00 (libraries and institutions)"
          },
          {
            "c": "{dollar}12.00 (members of acknowledged historical societies)"
          },
          {
            "c": "{dollar}6.00 (students)"
          }
        ]
      }
    },
    {
      "041": {
        "ind1": "0",
        "ind2": "\\",
        "subfields": [
          {
            "a": "eng"
          },
          {
            "a": "spa"
          }
        ]
      }
    },
    {
      "042": {
        "ind1": "\\",
        "ind2": "\\",
        "subfields": [
          {
            "a": "nsdp"
          },
          {
            "a": "pcc"
          }
        ]
      }
    },
    {
      "043": {
        "ind1": "\\",
        "ind2": "\\",
        "subfields": [
          {
            "a": "cl-----"
          }
        ]
      }
    },
    {
      "050": {
        "ind1": "0",
        "ind2": "0",
        "subfields": [
          {
            "a": "F1401"
          },
          {
            "b": ".H66"
          }
        ]
      }
    },
    {
      "070": {
        "ind1": "0",
        "ind2": "\\",
        "subfields": [
          {
            "a": "154.8"
          },
          {
            "b": "H62"
          }
        ]
      }
    },
    {
      "082": {
        "ind1": "0",
        "ind2": "4",
        "subfields": [
          {
            "a": "980.005"
          },
          {
            "b": "HIS"
          }
        ]
      }
    },
    {
      "210": {
        "ind1": "0",
        "ind2": "\\",
        "subfields": [
          {
            "a": "Hisp. Am. hist. rev."
          }
        ]
      }
    },
    {
      "222": {
        "ind1": "\\",
        "ind2": "4",
        "subfields": [
          {
            "a": "The Hispanic American historical review"
          }
        ]
      }
    },
    {
      "245": {
        "ind1": "0",
        "ind2": "4",
        "subfields": [
          {
            "a": "The Hispanic American historical review."
          }
        ]
      }
    },
    {
      "246": {
        "ind1": "1",
        "ind2": "\\",
        "subfields": [
          {
            "i": "At head of title, Feb. 1982-:"
          },
          {
            "a": "HAHR"
          }
        ]
      }
    },
    {
      "260": {
        "ind1": "\\",
        "ind2": "\\",
        "subfields": [
          {
            "a": "Washington, D.C. :"
          },
          {
            "b": "Board of Editors of the Hispanic American Review,"
          },
          {
            "c": "\u00a91918-"
          }
        ]
      }
    },
    {
      "300": {
        "ind1": "\\",
        "ind2": "\\",
        "subfields": [
          {
            "a": "volumes ;"
          },
          {
            "c": "27 cm"
          }
        ]
      }
    },
    {
      "310": {
        "ind1": "\\",
        "ind2": "\\",
        "subfields": [
          {
            "a": "Quarterly"
          }
        ]
      }
    },
    {
      "336": {
        "ind1": "\\",
        "ind2": "\\",
        "subfields": [
          {
            "a": "text"
          },
          {
            "b": "txt"
          },
          {
            "2": "rdacontent"
          }
        ]
      }
    },
    {
      "337": {
        "ind1": "\\",
        "ind2": "\\",
        "subfields": [
          {
            "a": "unmediated"
          },
          {
            "b": "n"
          },
          {
            "2": "rdamedia"
          }
        ]
      }
    },
    {
      "338": {
        "ind1": "\\",
        "ind2": "\\",
        "subfields": [
          {
            "a": "volume"
          },
          {
            "b": "nc"
          },
          {
            "2": "rdacarrier"
          }
        ]
      }
    },
    {
      "362": {
        "ind1": "0",
        "ind2": "\\",
        "subfields": [
          {
            "a": "Vol. 1, no. 1 (Feb. 1918)-"
          }
        ]
      }
    },
    {
      "500": {
        "ind1": "\\",
        "ind2": "\\",
        "subfields": [
          {
            "a": "Title from cover."
          }
        ]
      }
    },
    {
      "500": {
        "ind1": "\\",
        "ind2": "\\",
        "subfields": [
          {
            "a": "Managing editor: 1918- J.A. Robertson."
          }
        ]
      }
    },
    {
      "500": {
        "ind1": "\\",
        "ind2": "\\",
        "subfields": [
          {
            "a": "Published: Durham, N.C. : Duke University Press, 1926-"
          }
        ]
      }
    },
    {
      "504": {
        "ind1": "\\",
        "ind2": "\\",
        "subfields": [
          {
            "a": "Includes \"Bibliographical section.\""
          }
        ]
      }
    },
    {
      "515": {
        "ind1": "\\",
        "ind2": "\\",
        "subfields": [
          {
            "a": "Suspended, 1923-1925, inclusive."
          }
        ]
      }
    },
    {
      "525": {
        "ind1": "\\",
        "ind2": "\\",
        "subfields": [
          {
            "a": "Supplemented by cumulative guides, with title: Guide to The Hispanic American historical review, intended to supplement the annual indexes to volumes for 1918-1975."
          }
        ]
      }
    },
    {
      "530": {
        "ind1": "\\",
        "ind2": "\\",
        "subfields": [
          {
            "a": "Also issue online."
          }
        ]
      }
    },
    {
      "546": {
        "ind1": "\\",
        "ind2": "\\",
        "subfields": [
          {
            "a": "In English and Spanish."
          }
        ]
      }
    },
    {
      "555": {
        "ind1": "\\",
        "ind2": "\\",
        "subfields": [
          {
            "a": "Vols. 56 (1976)-65 (1985) in v. 66, no. 1; Vols. 66 (1986)-75 (1995) in v. 76, no. 1."
          }
        ]
      }
    },
    {
      "588": {
        "ind1": "\\",
        "ind2": "\\",
        "subfields": [
          {
            "a": "Latest issue consulted: 86:4 (Nov. 2006)."
          }
        ]
      }
    },
    {
      "651": {
        "ind1": "\\",
        "ind2": "0",
        "subfields": [
          {
            "a": "Latin America"
          },
          {
            "x": "History"
          },
          {
            "v": "Periodicals."
          }
        ]
      }
    },
    {
      "651": {
        "ind1": "\\",
        "ind2": "7",
        "subfields": [
          {
            "a": "Latin America."
          },
          {
            "2": "fast"
          },
          {
            "0": "(OCoLC)fst01245945"
          }
        ]
      }
    },
    {
      "655": {
        "ind1": "\\",
        "ind2": "7",
        "subfields": [
          {
            "a": "History."
          },
          {
            "2": "fast"
          },
          {
            "0": "(OCoLC)fst01411628"
          }
        ]
      }
    },
    {
      "655": {
        "ind1": "\\",
        "ind2": "7",
        "subfields": [
          {
            "a": "Periodicals."
          },
          {
            "2": "fast"
          },
          {
            "0": "(OCoLC)fst01411641"
          }
        ]
      }
    },
    {
      "655": {
        "ind1": "\\",
        "ind2": "7",
        "subfields": [
          {
            "a": "Electronic journals."
          },
          {
            "2": "lcgft"
          }
        ]
      }
    },
    {
      "700": {
        "ind1": "1",
        "ind2": "\\",
        "subfields": [
          {
            "a": "Robertson, James Alexander,"
          },
          {
            "d": "1873-1939."
          }
        ]
      }
    },
    {
      "740": {
        "ind1": "0",
        "ind2": "2",
        "subfields": [
          {
            "a": "Guide to The Hispanic American historical review."
          }
        ]
      }
    },
    {
      "776": {
        "ind1": "0",
        "ind2": "8",
        "subfields": [
          {
            "i": "Online version:"
          },
          {
            "t": "Hispanic American historical review (Online)"
          },
          {
            "x": "1527-1900"
          },
          {
            "w": "(DLC)sn 99004659"
          },
          {
            "w": "(OCoLC)42391341"
          }
        ]
      }
    },
    {
      "776": {
        "ind1": "0",
        "ind2": "8",
        "subfields": [
          {
            "i": "Online version:"
          },
          {
            "t": "Hispanic American historical review"
          },
          {
            "w": "(OCoLC)564849853"
          }
        ]
      }
    },
    {
      "776": {
        "ind1": "0",
        "ind2": "8",
        "subfields": [
          {
            "i": "Online version:"
          },
          {
            "t": "Hispanic American historical review"
          },
          {
            "w": "(OCoLC)605969003"
          }
        ]
      }
    },
    {
      "850": {
        "ind1": "\\",
        "ind2": "\\",
        "subfields": [
          {
            "a": "AAP"
          },
          {
            "a": "AU"
          },
          {
            "a": "Az"
          },
          {
            "a": "CU"
          },
          {
            "a": "CU-BANC"
          },
          {
            "a": "CaMWUC"
          },
          {
            "a": "CaOOE"
          },
          {
            "a": "CaOWtU"
          },
          {
            "a": "CoFS"
          },
          {
            "a": "DLC"
          },
          {
            "a": "DNAL"
          },
          {
            "a": "INS"
          },
          {
            "a": "InLP"
          },
          {
            "a": "InU"
          },
          {
            "a": "KyLoU"
          },
          {
            "a": "MCM"
          },
          {
            "a": "MH-Hi"
          },
          {
            "a": "MH-Lm"
          },
          {
            "a": "MiEM"
          },
          {
            "a": "NNC"
          },
          {
            "a": "NcD"
          },
          {
            "a": "NjR 58-13264"
          }
        ]
      }
    },
    {
      "856": {
        "ind1": "4",
        "ind2": "1",
        "subfields": [
          {
            "u": "http://hahr.dukejournals.org/"
          }
        ]
      }
    },
    {
      "856": {
        "ind1": "4",
        "ind2": "1",
        "subfields": [
          {
            "u": "http://muse.jhu.edu/journals/hahr/"
          }
        ]
      }
    },
    {
      "856": {
        "ind1": "4",
        "ind2": "1",
        "subfields": [
          {
            "u": "http://www.jstor.org/journals/00182168.html"
          }
        ]
      }
    },
    {
      "856": {
        "ind1": "4",
        "ind2": "1",
        "subfields": [
          {
            "u": "http://firstsearch.oclc.org"
          },
          {
            "z": "Address for accessing the journal using authorization number and password through OCLC FirstSearch Electronic Collections Online. Subscription to online journal required for access to abstracts and full text"
          }
        ]
      }
    },
    {
      "856": {
        "ind1": "4",
        "ind2": "1",
        "subfields": [
          {
            "u": "http://firstsearch.oclc.org/journal=0018-2168;screen=info;ECOIP"
          },
          {
            "z": "Address for accessing the journal from an authorized IP address through OCLC FirstSearch Electronic Collections Online. Subscription to online journal required for access to abstracts and full text"
          }
        ]
      }
    },
    {
      "891": {
        "ind1": "2",
        "ind2": "3",
        "subfields": [
          {
            "9": "853"
          },
          {
            "8": "1"
          },
          {
            "a": "v."
          },
          {
            "b": "no."
          },
          {
            "u": "4"
          },
          {
            "v": "r"
          },
          {
            "i": "(year)"
          },
          {
            "j": "(month)"
          },
          {
            "w": "q"
          },
          {
            "x": "02"
          }
        ]
      }
    },
    {
      "891": {
        "ind1": "4",
        "ind2": "0",
        "subfields": [
          {
            "9": "863"
          },
          {
            "8": "1.1"
          },
          {
            "a": "<42>"
          },
          {
            "i": "<1962>"
          }
        ]
      }
    },
    {
      "994": {
        "ind1": "\\",
        "ind2": "\\",
        "subfields": [
          {
            "a": "Z0"
          },
          {
            "b": "NYRVC"
          }
        ]
      }
    },
    {
      "948": {
        "ind1": "\\",
        "ind2": "\\",
        "subfields": [
          {
            "h": "NO HOLDINGS IN NYRVC - 796 OTHER HOLDINGS"
          }
        ]
      }
    },
    {
      "999": {
        "ind1": "\\",
        "ind2": "\\",
        "subfields": [
          {
            "a": "00000000014288"
          },
          {
            "v": "Volume 86 number 4"
          }
        ]
      }
    }
  ]
}